@BOOK{RR,
         AUTHOR= "H.Radjavi and P.Rosenthal",
         TITLE= "Invariant Subspaces",
         YEAR= 1973,
         PUBLISHER={Springer-Verlag, Berlin}
         };

@BOOK{KR,
         AUTHOR= "R.Kadison and J.Ringrose",
         TITLE= "Fundamentals of the Operator Algebras",
         VOLUME= "I and II",
         YEAR= "1983 and 1986",
         PUBLISHER={Academic Press, Orlando}
         };

@ARTICLE{KS,
         AUTHOR= "R.Kadison and I.Singer",
         TITLE= "Triangular operator algebras. Fundamentals and hyperreducible theory",
         JOURNAL={Amer.J.Math.},
         YEAR= 1960,
         PAGES="227-259",
         VOLUME="82",
         PUBLISHER={}
         };

@ARTICLE{Ka,
         AUTHOR= "R.Kadison",
         TITLE= "On the orthogonalization of operator representations",
         JOURNAL={Amer.J.Math.},
         YEAR= 1955,
         PAGES="600-621",
         VOLUME="78",
         PUBLISHER={}
         };

@ARTICLE{G,
         AUTHOR= "J.Glimm",
         TITLE= "Type {I $C^{*}$}-algebras",
         JOURNAL={Ann.Math.},
         YEAR= 1961,
         PAGES="572-611",
         VOLUME="73",
         PUBLISHER={}
         };
         
@ARTICLE{P,
         AUTHOR= "R.Powers",
         TITLE= "Representations of Uniformly Hyperfinite Algebras and Their Associated von Neumann Rings",
         JOURNAL={Ann.Math.},
         YEAR= 1967,
         PAGES="138-171",
         VOLUME="86",
         PUBLISHER={}
         };
         
@ARTICLE{GS,
         AUTHOR= "L.Ge and J.Shen",
         TITLE= "On the generator problem of von Neumann algebras",
         JOURNAL={Proc. of ICCM (Hong Kong)},
         YEAR= 2004,
         PUBLISHER={Intern. Press, Boston}
         };
         
@ARTICLE{H2,
         AUTHOR= "P.Halmos",
         TITLE= "Reflexive lattices of subspaces",
         JOURNAL={J.London Math.Soc.},
         YEAR= 1971,
         VOLUME="4",
         PAGES="257-263"
         };
         
@ARTICLE{Ha,
         AUTHOR= "K.Harrison",
         TITLE= "On lattices of invariant subspaces",
         JOURNAL={Doctoral Thesis},
         YEAR= 1970,
         VOLUME="",
         PAGES="",
         PUBLISHER="Monash University, Melbourne"
         };
     
@ARTICLE{VDN,
         AUTHOR= "D.Voiculescu, K.Dykema and A.Nica",
         TITLE= "Free Random Variables",
         JOURNAL={CRM Monograph Series},
         YEAR= 1992,
         VOLUME="1",
         PAGES="",
         PUBLISHER=""
         };
         
@ARTICLE{von1,
         AUTHOR= "J. von Neumann",
         TITLE= "Zur Algebra der Funktionaloperatoren und Theorie der normalen Operatoren",
         JOURNAL={Math.Ann.},
         YEAR= 1929,
         VOLUME="102",
         PAGES="370-437",
         PUBLISHER=""
         };
     
@ARTICLE{Ar1,
        AUTHOR="Arveson,W.B.",
        TITLE="Operator algebras and invariant subspaces",
        JOURNAL = {Ann. of Math. },
        YEAR=1974,
        VOLUME="100",
        PAGES="433-532",
        PUBLISHER=""
        };
         
@ARTICLE{Rin1,
        AUTHOR="Ringrose,J.R.",
        TITLE="On some algebras of operators",
        JOURNAL={Proc.London Math.Soc.},
        YEAR=1965,
        VOLUME="(3) 15",
        PAGES="61-83",
        PUBLISHER=""
        };
        
@ARTICLE{MSS,
         AUTHOR= "P. S. Muhly, K. Saito and B. Solel",
         TITLE= "Coordinates for triangular operator algebras",
         JOURNAL={Ann. of Math.},
         YEAR= 1988,
         PAGES="245-278",
         VOLUME="",
         PUBLISHER={}
         };
         
@ARTICLE{Ho,
         AUTHOR= "A. Hopenwasser",
         TITLE= "Completely isometric maps and triangular operator algebras",
         JOURNAL={Proc. London Math. Soc.},
         YEAR= 1972,
         PAGES="96-114",
         VOLUME="",
         PUBLISHER={}
         };
         
@ARTICLE{Hd,
         AUTHOR= "D. Hadwin",
         TITLE= "A general view of reflexivity",
         JOURNAL={Trans. Amer. Math. Soc. },
         YEAR= 1994,
         PAGES="325-360",
         VOLUME="",
         PUBLISHER={}
         };
         
@ARTICLE{La,
         AUTHOR= "D. Larson",
         TITLE= "Reflexivity, algebraic reflexivity and linear interpolation",
         JOURNAL={Amer. J. Math.},
         YEAR= 1998,
         PAGES="283-299",
         VOLUME="",
         PUBLISHER={}
         };      
         
@ARTICLE{L,
         AUTHOR= "E. C. Lance",
         TITLE= "Cohomology and perturbations of nest algebras",
         JOURNAL={Proc. London Math. Soc. },
         YEAR= 1981,
         PAGES="334-356",
         VOLUME="",
         PUBLISHER={}
         };    
         
@ARTICLE{La2,
         AUTHOR= "D. Larson",
         TITLE= "Similarity of nest algebras",
         JOURNAL={Ann. of Math. },
         YEAR= 1988,
         PAGES="409-427",
         VOLUME="",
         PUBLISHER={}
         };  
         
@ARTICLE{DKP,
         AUTHOR= " K. Davidson, E. Katsoulis and D. Pitts",
         TITLE= "The structure of free semigroup Algebras",
         JOURNAL={J. Reine Ang. Math. (Crelle's Journal) },
         YEAR= 2001,
         PAGES="99-125",
         VOLUME="",
         PUBLISHER={}
         };           
    
   

 @ARTICLE{Da,
         AUTHOR= "K. Davidson",
         TITLE= "Nest Algebras",
         JOURNAL={Research Notes in Math.},
         YEAR= 1988,
         PAGES="",
         VOLUME="191",
         PUBLISHER={Pitman, Boston-Londodn Melbourne}
         };
         

        

         
         
         
         
         
         
         
         
         
         
         